{"stream":"adausdt@depth","data":{"e":"depthUpdate","E":1684934110477,"s":"ADAUSDT","U":7328316844,"u":7328316851,"b":[["0.36530000","91815.40000000"],["0.36090000","50618.20000000"]],"a":[["0.36550000","22038.40000000"],["0.36570000","121729.60000000"]]}} orderbook.js:9:13
{"stream":"adausdt@depth","data":{"e":"depthUpdate","E":1684934111477,"s":"ADAUSDT","U":7328316852,"u":7328316864,"b":[["0.36540000","20978.30000000"],["0.36530000","61879.30000000"],["0.36490000","108813.30000000"],["0.36440000","128682.20000000"]],"a":[["0.36540000","0.00000000"],["0.36580000","135271.80000000"]]}} orderbook.js:9:13
{"stream":"adausdt@depth","data":{"e":"depthUpdate","E":1684934112477,"s":"ADAUSDT","U":7328316865,"u":7328316955,"b":[["0.36540000","43853.40000000"],["0.36530000","57034.90000000"],["0.36520000","137495.60000000"],["0.36510000","134135.50000000"],["0.36500000","142546.00000000"],["0.36490000","108088.10000000"],["0.36480000","440010.80000000"],["0.36470000","106141.10000000"],["0.36450000","98934.00000000"]],"a":[["0.36550000","15410.20000000"],["0.36560000","129748.50000000"],["0.36570000","126999.80000000"],["0.36580000","152378.40000000"],["0.36600000","162674.30000000"],["0.36610000","202569.60000000"],["0.36620000","138817.90000000"],["0.36660000","913.20000000"],["0.36720000","153625.70000000"]]}} orderbook.js:9:13
{"stream":"adausdt@depth","data":{"e":"depthUpdate","E":1684934113477,"s":"ADAUSDT","U":7328316956,"u":7328316974,"b":[["0.36530000","57092.30000000"],["0.36520000","137438.20000000"],["0.36510000","134577.20000000"],["0.36500000","142566.20000000"],["0.36490000","108108.30000000"],["0.36480000","439881.40000000"]],"a":[["0.36550000","6710.20000000"],["0.36560000","126098.90000000"],["0.36570000","127926.80000000"],["0.36580000","152606.90000000"],["0.36590000","177198.50000000"],["0.36660000","297.20000000"]]}} orderbook.js:9:13
{"stream":"adausdt@depth","data":{"e":"depthUpdate","E":1684934114477,"s":"ADAUSDT","U":7328316975,"u":7328316977,"b":[["0.36540000","43297.00000000"],["0.36520000","139351.30000000"],["0.36320000","38345.30000000"],["0.36310000","8471.60000000"]],"a":[]}} orderbook.js:9:13
{"stream":"adausdt@depth","data":{"e":"depthUpdate","E":1684934115477,"s":"ADAUSDT","U":7328316978,"u":7328316980,"b":[["0.36540000","54769.90000000"],["0.36520000","139420.10000000"]],"a":[["0.36560000","128236.50000000"]]}} orderbook.js:9:13
{"stream":"adausdt@depth","data":{"e":"depthUpdate","E":1684934116478,"s":"ADAUSDT","U":7328316981,"u":7328316998,"b":[["0.36540000","40339.20000000"],["0.36530000","57083.00000000"],["0.36520000","142809.60000000"],["0.36490000","108088.30000000"]],"a":[["0.36550000","9288.20000000"],["0.36560000","125570.20000000"],["0.36570000","133032.50000000"],["0.36580000","152586.90000000"],["0.36630000","50339.50000000"]]}} orderbook.js:9:13
{"stream":"adausdt@depth","data":{"e":"depthUpdate","E":1684934117478,"s":"ADAUSDT","U":7328316999,"u":7328317007,"b":[["0.36540000","38697.40000000"],["0.36490000","102392.00000000"],["0.36480000","445595.00000000"],["0.36320000","30822.10000000"],["0.36310000","15996.90000000"]],"a":[["0.36550000","8885.60000000"],["0.36560000","128305.30000000"],["0.36580000","152606.90000000"]]}} orderbook.js:9:13
{"stream":"adausdt@depth","data":{"e":"depthUpdate","E":1684934118478,"s":"ADAUSDT","U":7328317008,"u":7328317009,"b":[["0.35900000","15771.00000000"]],"a":[["0.36550000","8849.00000000"]]}} orderbook.js:9:13
{"stream":"adausdt@depth","data":{"e":"depthUpdate","E":1684934120478,"s":"ADAUSDT","U":7328317010,"u":7328317010,"b":[["0.36280000","11402.20000000"]],"a":[]}} orderbook.js:9:13
{"stream":"adausdt@depth","data":{"e":"depthUpdate","E":1684934121478,"s":"ADAUSDT","U":7328317011,"u":7328317013,"b":[["0.36290000","118509.80000000"]],"a":[["0.36880000","6971.50000000"],["0.36890000","137387.10000000"]]}} orderbook.js:9:13
{"stream":"adausdt@depth","data":{"e":"depthUpdate","E":1684934123478,"s":"ADAUSDT","U":7328317014,"u":7328317015,"b":[["0.13160000","365.30000000"]],"a":[["0.36580000","162565.60000000"]]}} orderbook.js:9:13
{"stream":"adausdt@depth","data":{"e":"depthUpdate","E":1684934124478,"s":"ADAUSDT","U":7328317016,"u":7328317017,"b":[],"a":[["0.36550000","8849.00000000"]]}} orderbook.js:9:13
{"stream":"adausdt@depth","data":{"e":"depthUpdate","E":1684934125478,"s":"ADAUSDT","U":7328317018,"u":7328317018,"b":[["0.36530000","57034.90000000"]],"a":[]}} orderbook.js:9:13
{"stream":"adausdt@depth","data":{"e":"depthUpdate","E":1684934126478,"s":"ADAUSDT","U":7328317019,"u":7328317026,"b":[["0.36540000","43075.80000000"],["0.36530000","55714.50000000"],["0.35980000","1639.40000000"],["0.33560000","3405.00000000"],["0.33510000","1196.20000000"]],"a":[["0.36550000","8459.80000000"]]}} orderbook.js:9:13
{"stream":"adausdt@depth","data":{"e":"depthUpdate","E":1684934127478,"s":"ADAUSDT","U":7328317027,"u":7328317028,"b":[],"a":[["0.36700000","5279.80000000"],["0.36740000","8766.30000000"]]}} orderbook.js:9:13
{"stream":"adausdt@depth","data":{"e":"depthUpdate","E":1684934128478,"s":"ADAUSDT","U":7328317029,"u":7328317029,"b":[],"a":[["0.36560000","123615.00000000"]]}} orderbook.js:9:13
{"stream":"adausdt@depth","data":{"e":"depthUpdate","E":1684934130478,"s":"ADAUSDT","U":7328317030,"u":7328317034,"b":[["0.36540000","39121.10000000"]],"a":[["0.36550000","0.10000000"]]}} orderbook.js:9:13
{"stream":"adausdt@depth","data":{"e":"depthUpdate","E":1684934131478,"s":"ADAUSDT","U":7328317035,"u":7328317045,"b":[["0.36510000","134734.50000000"]],"a":[["0.36550000","821.00000000"],["0.36560000","68711.70000000"],["0.36570000","84195.50000000"],["0.36580000","116101.00000000"],["0.36590000","226035.50000000"],["0.36610000","297871.20000000"]]}} orderbook.js:9:13
{"stream":"adausdt@depth","data":{"e":"depthUpdate","E":1684934132478,"s":"ADAUSDT","U":7328317046,"u":7328317048,"b":[["0.36320000","38345.30000000"],["0.36310000","8471.60000000"]],"a":[["0.36550000","3272.00000000"],["0.36560000","74182.10000000"]]}} orderbook.js:9:13
{"stream":"adausdt@depth","data":{"e":"depthUpdate","E":1684934133478,"s":"ADAUSDT","U":7328317049,"u":7328317050,"b":[["0.36470000","120982.60000000"],["0.36450000","84092.50000000"]],"a":[]}} orderbook.js:9:13
{"stream":"adausdt@depth","data":{"e":"depthUpdate","E":1684934134478,"s":"ADAUSDT","U":7328317051,"u":7328317058,"b":[["0.36540000","38902.40000000"],["0.36520000","142398.50000000"]],"a":[["0.36560000","68788.50000000"],["0.36570000","93236.00000000"],["0.36600000","147832.80000000"],["0.36620000","153659.40000000"]]}} orderbook.js:9:13
{"stream":"adausdt@depth","data":{"e":"depthUpdate","E":1684934135479,"s":"ADAUSDT","U":7328317059,"u":7328317062,"b":[["0.36540000","38491.30000000"],["0.36530000","56125.60000000"]],"a":[["0.36550000","3934.40000000"]]}} orderbook.js:9:13
{"stream":"adausdt@depth","data":{"e":"depthUpdate","E":1684934136479,"s":"ADAUSDT","U":7328317063,"u":7328317067,"b":[["0.36530000","56139.40000000"],["0.36320000","30822.10000000"],["0.36310000","15996.90000000"],["0.34000000","532090.60000000"]],"a":[["0.36550000","4879.60000000"]]}} orderbook.js:9:13
{"stream":"adausdt@depth","data":{"e":"depthUpdate","E":1684934137479,"s":"ADAUSDT","U":7328317068,"u":7328317071,"b":[["0.36540000","38054.80000000"],["0.36530000","56875.90000000"],["0.36510000","133972.40000000"]],"a":[["0.36550000","4088.20000000"]]}} orderbook.js:9:13
{"stream":"adausdt@depth","data":{"e":"depthUpdate","E":1684934138479,"s":"ADAUSDT","U":7328317072,"u":7328317074,"b":[["0.36530000","56464.80000000"],["0.36520000","142809.60000000"],["0.35890000","2059.20000000"]],"a":[]}} orderbook.js:9:13
{"stream":"adausdt@depth","data":{"e":"depthUpdate","E":1684934139479,"s":"ADAUSDT","U":7328317075,"u":7328317076,"b":[],"a":[["0.36560000","68788.50000000"]]}} orderbook.js:9:13
